<record><leader>00000cas a22000007a 4500</leader><controlfield tag="001">14557744</controlfield><controlfield tag="008">861028d18551864inuwr ne      0    0eng d</controlfield><datafield ind1=" " ind2=" " tag="010"><subfield code="a">sn 86058862 </subfield></datafield><datafield ind1=" " ind2=" " tag="040"><subfield code="a">NPI</subfield><subfield code="b">eng</subfield><subfield code="c">NPI</subfield><subfield code="d">OCLCQ</subfield></datafield><datafield ind1=" " ind2=" " tag="042"><subfield code="a">msc</subfield></datafield><datafield ind1="0" ind2=" " tag="130"><subfield code="a">Princeton clarion (Princeton, Ind. : 1855)</subfield></datafield><datafield ind1="1" ind2="0" tag="245"><subfield code="a">Princeton clarion.</subfield></datafield><datafield ind1="1" ind2="3" tag="246"><subfield code="a">Clarion</subfield></datafield><datafield ind1=" " ind2=" " tag="260"><subfield code="a">Princeton, Ind. :</subfield><subfield code="b">William Kurtz,</subfield><subfield code="c">1855-</subfield></datafield><datafield ind1=" " ind2=" " tag="300"><subfield code="a">v. ;</subfield><subfield code="c">59 cm.</subfield></datafield><datafield ind1=" " ind2=" " tag="310"><subfield code="a">Weekly</subfield></datafield><datafield ind1="0" ind2=" " tag="362"><subfield code="a">Vol. 10, no. 2 (Oct. 6, 1855)-</subfield></datafield><datafield ind1="1" ind2=" " tag="362"><subfield code="a">Ceased in 1864.</subfield></datafield><datafield ind1=" " ind2=" " tag="500"><subfield code="a">Published as: The Clarion, NOv. 9, 1861-Jan. 25, 1862.</subfield></datafield><datafield ind1=" " ind2=" " tag="752"><subfield code="a">United States</subfield><subfield code="b">Indiana</subfield><subfield code="c">Gibson</subfield><subfield code="d">Princeton.</subfield></datafield><datafield ind1="0" ind2="0" tag="780"><subfield code="t">Democratic clarion (Princeton, Ind.)</subfield><subfield code="w">(DLC)sn 86058814</subfield></datafield><datafield ind1="0" ind2="0" tag="785"><subfield code="t">Princeton union clarion</subfield><subfield code="w">(DLC)sn 84038010</subfield><subfield code="w">(OCoLC)11175946</subfield></datafield></record>